@dataset{dataset,
author = {Malo, Pekka and Sinha, Ankur and Takala, Pyry and Korhonen, Pekka and Wallenius, Jyrki},
year = {2013},
month = {07},
pages = {},
title = {FinancialPhraseBank-v1.0}
}

@article{malo2014good,
  title={Good debt or bad debt: Detecting semantic orientations in economic texts},
  author={Malo, Pekka and Sinha, Ankur and Korhonen, Pekka and Wallenius, Jyrki and Takala, Pyry},
  journal={Journal of the Association for Information Science and Technology},
  volume={65},
  number={4},
  pages={782--796},
  year={2014},
  publisher={Wiley},
  doi={10.1002/asi.23062}
}

@article{tetlock2007giving,
  title={Giving content to investor sentiment: The role of media in the stock market},
  author={Tetlock, Paul C},
  journal={The Journal of Finance},
  volume={62},
  number={3},
  pages={1139--1168},
  year={2007},
  publisher={Wiley},
  doi={10.1111/j.1540-6261.2007.01232.x}
}

@article{loughran2011liability,
  title={When is a liability not a liability? Textual analysis, dictionaries, and 10-Ks},
  author={Loughran, Tim and McDonald, Bill},
  journal={The Journal of Finance},
  volume={66},
  number={1},
  pages={35--65},
  year={2011},
  publisher={Wiley},
  doi={10.1111/j.1540-6261.2010.01625.x}
}

@article{devlin2019bert,
  title={BERT: Pre-training of Deep Bidirectional Transformers for Language Understanding},
  author={Devlin, Jacob and Chang, Ming-Wei and Lee, Kenton and Toutanova, Kristina},
  journal={arXiv preprint arXiv:1810.04805},
  year={2019}
}

@mastersthesis{araci2019finbert,
  title={FinBERT: Financial Sentiment Analysis with Pre-trained Language Models},
  author={Araci, Dogu},
  year={2019},
  school={Bogazici University},
  type={Master's thesis}
}

@article{sun2025financial,
  title={Financial sentiment analysis for pre-trained language models incorporating dictionary knowledge and neutral features},
  author={Sun, Yuting and Yuan, Haoran and Xu, Feng},
  journal={Natural Language Processing Journal},
  volume={11},
  pages={100148},
  year={2025},
  publisher={Elsevier},
  doi={10.1016/j.nlp.2025.100148}
}

@misc{atsiwo2024financial,
  title={Financial Sentiment Analysis: Leveraging Actual and Synthetic Data for Supervised Fine-Tuning},
  author={Abraham Atsiwo},
  year={2024},
  eprint={2412.09859},
  archivePrefix={arXiv},
  primaryClass={cs.LG},
  url={https://arxiv.org/abs/2412.09859}
}

@article{fatouros2023chatgpt,
  title     = {Transforming sentiment analysis in the financial domain with ChatGPT},
  author    = {Fatouros, Georgios and Soldatos, John and Kouroumali, Kalliopi and Makridis, Georgios and Kyriazis, Dimosthenis},
  journal   = {Machine Learning with Applications},
  volume    = {14},
  pages     = {100508},
  year      = {2023},
  publisher = {Elsevier},
  doi       = {10.1016/j.mlwa.2023.100508}
}

@article{liu2019roberta,
  title     = {RoBERTa: A Robustly Optimized BERT Pretraining Approach},
  author    = {Liu, Yinhan and Ott, Myle and Goyal, Naman and Du, Jingfei and Joshi, Mandar and Chen, Danqi and Levy, Omer and Lewis, Mike and Zettlemoyer, Luke and Stoyanov, Veselin},
  journal   = {arXiv preprint arXiv:1907.11692},
  year      = {2019}
}

@article{choe2023exploring,
  title     = {Exploring the Impact of Corpus Diversity on Financial Pretrained Language Models},
  author    = {Choe, Jaeyoung and Noh, Keonwoong and Kim, Nayeon and Ahn, Seyun and Jung, Woohwan},
  journal   = {arXiv preprint arXiv:2310.13312},
  year      = {2023},
  url       = {https://arxiv.org/abs/2310.13312}
}
